{
  "balance": 1872.6727303510954,
  "holdings": {
    "BTCUSDT": 0.4490172240166297,
    "BNBUSDT": 1.316110794233004,
    "ADAUSDT": 0.27771841666243313,
    "DOGEUSDT": 2.7740209450054705,
    "ETHUSDT": 1.098214909953513
  },
  "last_prices": {
    "BTCUSDT": 106.43391240985675,
    "ETHUSDT": 819.110676254024,
    "BNBUSDT": 795.7053605945863,
    "ADAUSDT": 134.41015799365007,
    "DOGEUSDT": 724.4296613700224
  },
  "trade_history": [
    {
      "timestamp": "2025-04-12T21:13:42.467046",
      "symbol": "BTCUSDT",
      "side": "BUY",
      "price": 692.8376854716486,
      "quantity": 1.4433395021219884,
      "confidence": 0.8
    },
    {
      "timestamp": "2025-04-12T21:13:42.467160",
      "symbol": "BNBUSDT",
      "side": "BUY",
      "price": 530.2816080860239,
      "quantity": 1.6972114180018842,
      "confidence": 0.8
    },
    {
      "timestamp": "2025-04-12T21:13:42.467196",
      "symbol": "ADAUSDT",
      "side": "BUY",
      "price": 656.3060077817099,
      "quantity": 1.2341803829249867,
      "confidence": 0.8
    },
    {
      "timestamp": "2025-04-12T21:18:42.468064",
      "symbol": "BTCUSDT",
      "side": "BUY",
      "price": 706.0170921150986,
      "quantity": 1.0325529057887943,
      "confidence": 0.8
    },
    {
      "timestamp": "2025-04-12T21:18:42.488090",
      "symbol": "BNBUSDT",
      "side": "BUY",
      "price": 962.610944822971,
      "quantity": 0.6815837733079797,
      "confidence": 0.8
    },
    {
      "timestamp": "2025-04-12T21:18:42.488391",
      "symbol": "ADAUSDT",
      "side": "SELL",
      "price": 117.13181034902111,
      "quantity": 0.6170901914624933,
      "confidence": 0.8
    },
    {
      "timestamp": "2025-04-12T21:18:42.488525",
      "symbol": "DOGEUSDT",
      "side": "BUY",
      "price": 973.4252922015942,
      "quantity": 0.6140359141230085,
      "confidence": 0.8
    },
    {
      "timestamp": "2025-04-12T21:23:42.489989",
      "symbol": "ETHUSDT",
      "side": "BUY",
      "price": 657.4886856426883,
      "quantity": 0.818183326894636,
      "confidence": 0.8
    },
    {
      "timestamp": "2025-04-12T21:23:42.495177",
      "symbol": "DOGEUSDT",
      "side": "BUY",
      "price": 686.6453435869493,
      "quantity": 0.7050971170416697,
      "confidence": 0.8
    },
    {
      "timestamp": "2025-04-12T21:28:42.497061",
      "symbol": "BTCUSDT",
      "side": "BUY",
      "price": 805.2958899039357,
      "quantity": 0.5410886761459809,
      "confidence": 0.8
    },
    {
      "timestamp": "2025-04-12T21:28:42.497640",
      "symbol": "ETHUSDT",
      "side": "SELL",
      "price": 202.5742558689973,
      "quantity": 0.409091663447318,
      "confidence": 0.8
    },
    {
      "timestamp": "2025-04-12T21:28:42.497800",
      "symbol": "BNBUSDT",
      "side": "SELL",
      "price": 291.9478395247012,
      "quantity": 1.189397595654932,
      "confidence": 0.8
    },
    {
      "timestamp": "2025-04-12T21:28:42.497926",
      "symbol": "ADAUSDT",
      "side": "BUY",
      "price": 630.2791321035586,
      "quantity": 0.6904467653773831,
      "confidence": 0.8
    },
    {
      "timestamp": "2025-04-12T21:33:42.499415",
      "symbol": "BTCUSDT",
      "side": "BUY",
      "price": 680.9566223284841,
      "quantity": 0.5751567080762744,
      "confidence": 0.8
    },
    {
      "timestamp": "2025-04-12T21:33:42.499816",
      "symbol": "ETHUSDT",
      "side": "BUY",
      "price": 602.9056240936575,
      "quantity": 0.5846538466894672,
      "confidence": 0.8
    },
    {
      "timestamp": "2025-04-12T21:33:42.499939",
      "symbol": "BNBUSDT",
      "side": "SELL",
      "price": 144.91964078186737,
      "quantity": 0.594698797827466,
      "confidence": 0.8
    },
    {
      "timestamp": "2025-04-12T21:33:42.500024",
      "symbol": "ADAUSDT",
      "side": "BUY",
      "price": 756.2954661100351,
      "quantity": 0.4308637976859297,
      "confidence": 0.8
    },
    {
      "timestamp": "2025-04-12T21:33:42.500094",
      "symbol": "DOGEUSDT",
      "side": "BUY",
      "price": 832.0848714969906,
      "quantity": 0.35245719887096727,
      "confidence": 0.8
    },
    {
      "timestamp": "2025-04-12T21:38:42.501473",
      "symbol": "BTCUSDT",
      "side": "SELL",
      "price": 270.60012995004996,
      "quantity": 1.7960688960665188,
      "confidence": 0.8
    },
    {
      "timestamp": "2025-04-12T21:38:42.501926",
      "symbol": "ETHUSDT",
      "side": "BUY",
      "price": 532.7103114143827,
      "quantity": 0.586713854975532,
      "confidence": 0.8
    },
    {
      "timestamp": "2025-04-12T21:38:42.502098",
      "symbol": "BNBUSDT",
      "side": "BUY",
      "price": 645.0624853485994,
      "quantity": 0.4360719693745937,
      "confidence": 0.8
    },
    {
      "timestamp": "2025-04-12T21:38:42.502228",
      "symbol": "ADAUSDT",
      "side": "BUY",
      "price": 523.7738563545763,
      "quantity": 0.48334657877365894,
      "confidence": 0.8
    },
    {
      "timestamp": "2025-04-12T21:38:42.502349",
      "symbol": "DOGEUSDT",
      "side": "BUY",
      "price": 522.5536401738968,
      "quantity": 0.4360277182113581,
      "confidence": 0.8
    },
    {
      "timestamp": "2025-04-12T21:43:42.504137",
      "symbol": "ADAUSDT",
      "side": "SELL",
      "price": 132.42795939404562,
      "quantity": 1.1108736666497325,
      "confidence": 0.8
    },
    {
      "timestamp": "2025-04-12T21:48:42.506060",
      "symbol": "BTCUSDT",
      "side": "SELL",
      "price": 187.97655033200638,
      "quantity": 0.8980344480332594,
      "confidence": 0.8
    },
    {
      "timestamp": "2025-04-12T21:48:42.506458",
      "symbol": "ETHUSDT",
      "side": "SELL",
      "price": 282.59512523424075,
      "quantity": 0.7902296825561586,
      "confidence": 0.8
    },
    {
      "timestamp": "2025-04-12T21:48:42.506602",
      "symbol": "ADAUSDT",
      "side": "SELL",
      "price": 288.2011386543377,
      "quantity": 0.5554368333248663,
      "confidence": 0.8
    },
    {
      "timestamp": "2025-04-12T21:48:42.506755",
      "symbol": "DOGEUSDT",
      "side": "BUY",
      "price": 725.2393304407166,
      "quantity": 0.3791773916896696,
      "confidence": 0.8
    },
    {
      "timestamp": "2025-04-12T21:53:42.508383",
      "symbol": "BTCUSDT",
      "side": "SELL",
      "price": 106.43391240985675,
      "quantity": 0.4490172240166297,
      "confidence": 0.8
    },
    {
      "timestamp": "2025-04-12T21:53:42.513578",
      "symbol": "ETHUSDT",
      "side": "BUY",
      "price": 819.110676254024,
      "quantity": 0.30798522739735434,
      "confidence": 0.8
    },
    {
      "timestamp": "2025-04-12T21:53:42.513833",
      "symbol": "BNBUSDT",
      "side": "BUY",
      "price": 795.7053605945863,
      "quantity": 0.2853400270309444,
      "confidence": 0.8
    },
    {
      "timestamp": "2025-04-12T21:53:42.513977",
      "symbol": "ADAUSDT",
      "side": "SELL",
      "price": 134.41015799365007,
      "quantity": 0.27771841666243313,
      "confidence": 0.8
    },
    {
      "timestamp": "2025-04-12T21:53:42.514108",
      "symbol": "DOGEUSDT",
      "side": "BUY",
      "price": 724.4296613700224,
      "quantity": 0.287225605068797,
      "confidence": 0.8
    }
  ]
}